@article{szepesvari2009reinforcement,
  title={Reinforcement learning algorithms for MDPs},
  author={Szepesv{\'a}ri, Csaba},
  year={2009}
}

@article{sutton1999policy,
  title={Policy gradient methods for reinforcement learning with function approximation},
  author={Sutton, Richard S and McAllester, David and Singh, Satinder and Mansour, Yishay},
  journal={Advances in neural information processing systems},
  volume={12},
  year={1999}
}

@book{sutton2018reinforcement,
  title={Reinforcement learning: An introduction},
  author={Sutton, Richard S and Barto, Andrew G},
  year={2018},
  publisher={MIT press}
}

@article{mnih2013playing,
  title={Playing atari with deep reinforcement learning},
  author={Mnih, Volodymyr and Kavukcuoglu, Koray and Silver, David and Graves, Alex and Antonoglou, Ioannis and Wierstra, Daan and Riedmiller, Martin},
  journal={arXiv preprint arXiv:1312.5602},
  year={2013}
}

@article{bellman1957markovian,
  title={A Markovian decision process},
  author={Bellman, Richard},
  journal={Journal of mathematics and mechanics},
  pages={679--684},
  year={1957},
  publisher={JSTOR}
}

@book{rummery1994line,
  title={On-line Q-learning using connectionist systems},
  author={Rummery, Gavin A and Niranjan, Mahesan},
  volume={37},
  year={1994},
  publisher={University of Cambridge, Department of Engineering Cambridge, UK}
}

@article{watkins1992q,
  title={Q-learning},
  author={Watkins, Christopher JCH and Dayan, Peter},
  journal={Machine learning},
  volume={8},
  pages={279--292},
  year={1992},
  publisher={Springer}
}

@article{sutton1988learning,
  title={Learning to predict by the methods of temporal differences},
  author={Sutton, Richard S},
  journal={Machine learning},
  volume={3},
  pages={9--44},
  year={1988},
  publisher={Springer}
}



@article{silver2016mastering,
  title={Mastering the game of Go with deep neural networks and tree search},
  author={Silver, David and Huang, Aja and Maddison, Chris J and Guez, Arthur and Sifre, Laurent and Van Den Driessche, George and Schrittwieser, Julian and Antonoglou, Ioannis and Panneershelvam, Veda and Lanctot, Marc and others},
  journal={nature},
  volume={529},
  number={7587},
  pages={484--489},
  year={2016},
  publisher={Nature Publishing Group}
}

@book{bertsekas1996neuro,
  title={Neuro-dynamic programming},
  author={Bertsekas, Dimitri and Tsitsiklis, John N},
  year={1996},
  publisher={Athena Scientific}
}


@article{tsitsiklis1996analysis,
  title={Analysis of temporal-diffference learning with function approximation},
  author={Tsitsiklis, John and Van Roy, Benjamin},
  journal={Advances in neural information processing systems},
  volume={9},
  year={1996}
}

@article{lin1992self,
  title={Self-improving reactive agents based on reinforcement learning, planning and teaching},
  author={Lin, Long-Ji},
  journal={Machine learning},
  volume={8},
  pages={293--321},
  year={1992},
  publisher={Springer}
}

@inproceedings{riedmiller2005neural,
  title={Neural fitted Q iteration--first experiences with a data efficient neural reinforcement learning method},
  author={Riedmiller, Martin},
  booktitle={Machine Learning: ECML 2005: 16th European Conference on Machine Learning, Porto, Portugal, October 3-7, 2005. Proceedings 16},
  pages={317--328},
  year={2005},
  organization={Springer}
}

@article{hasselt2010double,
  title={Double Q-learning},
  author={Hasselt, Hado},
  journal={Advances in neural information processing systems},
  volume={23},
  year={2010}
}

@inproceedings{van2016deep,
  title={Deep reinforcement learning with double q-learning},
  author={Van Hasselt, Hado and Guez, Arthur and Silver, David},
  booktitle={Proceedings of the AAAI conference on artificial intelligence},
  year={2016}
}

@article{march1991exploration,
  title={Exploration and exploitation in organizational learning},
  author={March, James G},
  journal={Organization science},
  volume={2},
  number={1},
  pages={71--87},
  year={1991},
  publisher={INFORMS}
}

@article{schaul2015prioritized,
  title={Prioritized experience replay},
  author={Schaul, Tom and Quan, John and Antonoglou, Ioannis and Silver, David},
  journal={arXiv preprint arXiv:1511.05952},
  year={2015}
}

@inproceedings{rezende2015variational,
  title={Variational inference with normalizing flows},
  author={Rezende, Danilo and Mohamed, Shakir},
  booktitle={International conference on machine learning},
  pages={1530--1538},
  year={2015},
  organization={PMLR}
}

@book{pontryagin1987mathematical,
  title={Mathematical theory of optimal processes},
  author={Pontryagin, Lev Semenovich},
  year={1987},
  publisher={CRC press}
}

@article{chen2018neural,
  title={Neural ordinary differential equations},
  author={Chen, Ricky TQ and Rubanova, Yulia and Bettencourt, Jesse and Duvenaud, David K},
  journal={Advances in neural information processing systems},
  volume={31},
  year={2018}
}

@misc{gymref,
  Author = {Greg Brockman and Vicki Cheung and Ludwig Pettersson and Jonas Schneider and John Schulman and Jie Tang and Wojciech Zaremba},
  Title = {OpenAI Gym},
  Year = {2016},
  Eprint = {arXiv:1606.01540},
}

@article{barto1983neuronlike,
  title={Neuronlike adaptive elements that can solve difficult learning control problems},
  author={Barto, Andrew G and Sutton, Richard S and Anderson, Charles W},
  journal={IEEE transactions on systems, man, and cybernetics},
  number={5},
  pages={834--846},
  year={1983},
  publisher={IEEE}
}

@article{liu2019double,
  title={Double Q-learning for radiation source detection},
  author={Liu, Zheng and Abbaszadeh, Shiva},
  journal={Sensors},
  volume={19},
  number={4},
  pages={960},
  year={2019},
  publisher={MDPI}
}

@inproceedings{zhang2018human,
  title={Human-like autonomous vehicle speed control by deep reinforcement learning with double Q-learning},
  author={Zhang, Yi and Sun, Ping and Yin, Yuhan and Lin, Lin and Wang, Xuesong},
  booktitle={2018 IEEE intelligent vehicles symposium (IV)},
  pages={1251--1256},
  year={2018},
  organization={IEEE}
}

@article{he2021variational,
  title={Variational quantum compiling with double Q-learning},
  author={He, Zhimin and Li, Lvzhou and Zheng, Shenggen and Li, Yongyao and Situ, Haozhen},
  journal={New Journal of Physics},
  volume={23},
  number={3},
  pages={033002},
  year={2021},
  publisher={IOP Publishing}
}

@article{chen2022energy,
  title={Energy management strategy for power-split plug-in hybrid electric vehicle based on MPC and double Q-learning},
  author={Chen, Zheng and Gu, Hongji and Shen, Shiquan and Shen, Jiangwei},
  journal={Energy},
  volume={245},
  pages={123182},
  year={2022},
  publisher={Elsevier}
}

@article{li2020onboard,
  title={Onboard double Q-learning for airborne data capture in wireless powered IoT networks},
  author={Li, Kai and Ni, Wei and Wei, Bo and Tovar, Eduardo},
  journal={IEEE Networking Letters},
  volume={2},
  number={2},
  pages={71--75},
  year={2020},
  publisher={IEEE}
}

@article{dupont2019augmented,
  title={Augmented neural odes},
  author={Dupont, Emilien and Doucet, Arnaud and Teh, Yee Whye},
  journal={Advances in neural information processing systems},
  volume={32},
  year={2019}
}

@article{lin2018resnet,
  title={Resnet with one-neuron hidden layers is a universal approximator},
  author={Lin, Hongzhou and Jegelka, Stefanie},
  journal={Advances in neural information processing systems},
  volume={31},
  year={2018}
}

@inproceedings{jian2016deep,
  title={Deep residual learning for image recognition},
  author={Jian, S and Kaiming, H and Shaoqing, R and Xiangyu, Z},
  booktitle={IEEE Conference on Computer Vision \& Pattern Recognition},
  pages={770--778},
  year={2016}
}

@article{sander2022residual,
  title={Do Residual Neural Networks discretize Neural Ordinary Differential Equations?},
  author={Sander, Michael and Ablin, Pierre and Peyr{\'e}, Gabriel},
  journal={Advances in Neural Information Processing Systems},
  volume={35},
  pages={36520--36532},
  year={2022}
}